<?xml version="1.0" encoding="UTF-8"?>
<record>
  <leader>02023cam#a22004452c#4500</leader>
  <controlfield tag="003">DE-605</controlfield>
  <controlfield tag="005">20251013210852.0</controlfield>
  <controlfield tag="007">cr</controlfield>
  <controlfield tag="008">240228t2020||||xx#|||||o|||||||||||eng|c</controlfield>
  <controlfield tag="001">99376147843006441</controlfield>
  <datafield tag="035" ind1=" " ind2=" ">
    <subfield code="a">(DE-605)HT031289000</subfield>
  </datafield>
  <datafield tag="040" ind1=" " ind2=" ">
    <subfield code="a">DE-605</subfield>
    <subfield code="b">eng</subfield>
    <subfield code="c">DE-605</subfield>
    <subfield code="d">DE-605</subfield>
  </datafield>
  <datafield tag="041" ind1=" " ind2=" ">
    <subfield code="a">eng</subfield>
  </datafield>
  <datafield tag="100" ind1="1" ind2=" ">
    <subfield code="a">Terrance Berg</subfield>
    <subfield code="4">aut</subfield>
  </datafield>
  <datafield tag="245" ind1="1" ind2="0">
    <subfield code="a">Intermediate Algebra</subfield>
  </datafield>
  <datafield tag="264" ind1=" " ind2="1">
    <subfield code="b">Kwantlen Polytechnic University</subfield>
    <subfield code="c">2020</subfield>
  </datafield>
  <datafield tag="300" ind1=" " ind2=" ">
    <subfield code="a">1 Online-Ressource</subfield>
  </datafield>
  <datafield tag="336" ind1=" " ind2=" ">
    <subfield code="b">txt</subfield>
  </datafield>
  <datafield tag="337" ind1=" " ind2=" ">
    <subfield code="b">c</subfield>
  </datafield>
  <datafield tag="338" ind1=" " ind2=" ">
    <subfield code="b">cr</subfield>
  </datafield>
  <datafield tag="380" ind1=" " ind2=" ">
    <subfield code="a">Open educational resources</subfield>
    <subfield code="2">lcsh</subfield>
  </datafield>
  <datafield tag="035" ind1=" " ind2=" ">
    <subfield code="a">(hbzERes_oersi)oersi:aHR0cHM6Ly9rcHUucHJlc3Nib29rcy5wdWIvaW50ZXJtZWRpYXRlYWxnZWJyYWJlcmcv</subfield>
  </datafield>
  <datafield tag="035" ind1=" " ind2=" ">
    <subfield code="a">(DE-599)HBZHT031289000</subfield>
  </datafield>
  <datafield tag="962" ind1=" " ind2=" ">
    <subfield code="e">ZDB-OERSI</subfield>
  </datafield>
  <datafield tag="912" ind1=" " ind2=" ">
    <subfield code="a">ZDB-OERSI</subfield>
  </datafield>
  <datafield tag="856" ind1="4" ind2="0">
    <subfield code="u">https://oersi.org/resources/aHR0cHM6Ly9rcHUucHJlc3Nib29rcy5wdWIvaW50ZXJtZWRpYXRlYWxnZWJyYWJlcmcv</subfield>
    <subfield code="x">Aggregator</subfield>
    <subfield code="z">kostenfrei</subfield>
  </datafield>
  <datafield tag="856" ind1="4" ind2="0">
    <subfield code="u">https://kpu.pressbooks.pub/intermediatealgebraberg/</subfield>
    <subfield code="r">https://creativecommons.org/licenses/by-nc-sa/4.0/</subfield>
    <subfield code="z">kostenfrei</subfield>
    <subfield code="7">0</subfield>
  </datafield>
  <datafield tag="856" ind1="4" ind2="0">
    <subfield code="u">https://openlibrary.ecampusontario.ca/item-details/#/a49742f4-3441-4e9d-8109-f17890562636</subfield>
    <subfield code="r">https://creativecommons.org/licenses/by-nc-sa/4.0/</subfield>
    <subfield code="z">kostenfrei</subfield>
    <subfield code="7">0</subfield>
  </datafield>
  <datafield tag="650" ind1=" " ind2="4">
    <subfield code="a">Mathematik</subfield>
    <subfield code="0">https://w3id.org/kim/hochschulfaechersystematik/n37</subfield>
  </datafield>
  <datafield tag="650" ind1=" " ind2="4">
    <subfield code="a">Mathematik, Naturwissenschaften</subfield>
    <subfield code="0">https://w3id.org/kim/hochschulfaechersystematik/n4</subfield>
  </datafield>
  <datafield tag="653" ind1=" " ind2=" ">
    <subfield code="a">Algebra</subfield>
  </datafield>
  <datafield tag="653" ind1=" " ind2=" ">
    <subfield code="a">Mathematics</subfield>
  </datafield>
  <datafield tag="653" ind1=" " ind2="6">
    <subfield code="a">OER</subfield>
  </datafield>
  <datafield tag="655" ind1=" " ind2="4">
    <subfield code="a">Lehrbuch</subfield>
  </datafield>
  <datafield tag="655" ind1=" " ind2="7">
    <subfield code="a">Lehrbuch</subfield>
    <subfield code="0">(DE-588)4123623-3</subfield>
    <subfield code="2">gnd-content</subfield>
  </datafield>
  <datafield tag="655" ind1=" " ind2="0">
    <subfield code="a">Open educational resources</subfield>
  </datafield>
  <datafield tag="506" ind1=" " ind2=" ">
    <subfield code="f">no login required</subfield>
    <subfield code="f">keine Anmeldung erforderlich</subfield>
    <subfield code="u">http://w3id.org/kim/conditionsOfAccess/no_login</subfield>
  </datafield>
  <datafield tag="506" ind1="0" ind2=" ">
    <subfield code="a">Open Access</subfield>
    <subfield code="f">unrestricted online access</subfield>
    <subfield code="u">http://purl.org/coar/access_right/c_abf2</subfield>
    <subfield code="2">coarar</subfield>
  </datafield>
  <datafield tag="520" ind1="2" ind2=" ">
    <subfield code="a">The mathematics covered in this textbook are at an intermediate algebra level, building upon literacies covered in Mathematical Fundamental and Elementary Algebra</subfield>
  </datafield>
  <datafield tag="540" ind1=" " ind2=" ">
    <subfield code="u">https://creativecommons.org/licenses/by-nc-sa/4.0/</subfield>
  </datafield>
  <datafield tag="MBD" ind1=" " ind2=" ">
    <subfield code="M">49HBZ_NETWORK</subfield>
    <subfield code="i">99376147843006441</subfield>
    <subfield code="n">HBZ Network</subfield>
  </datafield>
  <datafield tag="MNG" ind1=" " ind2=" ">
    <subfield code="c">System</subfield>
    <subfield code="f">HBZ</subfield>
    <subfield code="i">marc21</subfield>
    <subfield code="l">61</subfield>
    <subfield code="k">01</subfield>
    <subfield code="e">false</subfield>
    <subfield code="d">2025-10-14 05:02:07 Europe/Berlin</subfield>
    <subfield code="g">99376147843006441</subfield>
    <subfield code="j">60</subfield>
    <subfield code="a">System</subfield>
    <subfield code="b">2025-10-13 12:06:47 Europe/Berlin</subfield>
  </datafield>
  <datafield tag="POR" ind1=" " ind2=" ">
    <subfield code="j">Oersi</subfield>
    <subfield code="x">System</subfield>
    <subfield code="a">53936675070006441</subfield>
    <subfield code="M">49HBZ_NETWORK</subfield>
    <subfield code="p">61908993950006441</subfield>
    <subfield code="q">OERSI (ZDB-OERSI)</subfield>
    <subfield code="c">static</subfield>
    <subfield code="B">Produktsigel: ZDB-OERSI
E-Book-Verfahren: oersi </subfield>
    <subfield code="A">49HBZ_UBD</subfield>
    <subfield code="A">49HBZ_UDE</subfield>
    <subfield code="A">49HBZ_HBO</subfield>
    <subfield code="A">49HBZ_UBO</subfield>
    <subfield code="A">49HBZ_BRS</subfield>
    <subfield code="A">49HBZ_FUH</subfield>
    <subfield code="A">49HBZ_HSD</subfield>
    <subfield code="A">49HBZ_ULM</subfield>
    <subfield code="A">49HBZ_HSN</subfield>
    <subfield code="A">49HBZ_FHA</subfield>
    <subfield code="A">49HBZ_HST</subfield>
    <subfield code="A">49HBZ_UBT</subfield>
    <subfield code="A">49HBZ_FSW</subfield>
    <subfield code="A">49HBZ_HBI</subfield>
    <subfield code="A">49HBZ_OWL</subfield>
    <subfield code="A">49HBZ_BIE</subfield>
    <subfield code="A">49HBZ_PAD</subfield>
    <subfield code="A">49HBZ_ULB</subfield>
    <subfield code="y">2025-10-14 05:02:16 Europe/Berlin</subfield>
    <subfield code="w">2025-10-14 05:02:13 Europe/Berlin</subfield>
    <subfield code="D">https://eu04.alma.exlibrisgroup.com/view/uresolver/49HBZ_NETWORK/openurl?u.ignore_date_coverage=true&amp;portfolio_pid=53936675070006441&amp;Force_direct=true</subfield>
    <subfield code="v">System</subfield>
    <subfield code="z">2025-10-14 03:02:13</subfield>
    <subfield code="i">false</subfield>
    <subfield code="S">62908993940006441</subfield>
    <subfield code="d">https://hbz-network.userservices.exlibrisgroup.com/view/uresolver/49HBZ_NETWORK/openurl?u.ignore_date_coverage=true&amp;rft.mms_id=99376147843006441</subfield>
    <subfield code="b">Available</subfield>
    <subfield code="f">BOOK</subfield>
    <subfield code="e">https://oersi.org/resources/aHR0cHM6Ly9rcHUucHJlc3Nib29rcy5wdWIvaW50ZXJtZWRpYXRlYWxnZWJyYWJlcmcv</subfield>
    <subfield code="8">53936675070006441</subfield>
  </datafield>
</record>
